@phdthesis{jeon2018additive,
  title={Additive regression with Hilbertian responses},
  author={Jeon, Jeong Min and Park, Byeong U},
  year={2018},
  school={PhD thesis. Seoul National University (cit. on pp. 2999--3001)}
}

@article{tsagris2015regression,
  title={Regression analysis with compositional data containing zero values},
  author={Tsagris, Michail},
  journal={arXiv preprint arXiv:1508.01913},
  year={2015}
}

@article{tsagris2011data,
  title={A data-based power transformation for compositional data},
  author={Tsagris, Michail T and Preston, Simon and Wood, Andrew TA},
  journal={arXiv preprint arXiv:1106.1451},
  year={2011}
}

